<?xml version="1.0" encoding="UTF-8"?>
<record xmlns="http://www.loc.gov/MARC21/slim" xmlns:xsi="http://www.w3.org/2001/XMLSchema-instance" xsi:schemaLocation="http://www.loc.gov/MARC21/slim http://www.loc.gov/standards/marcxml/schema/MARC21slim.xsd">
<leader>     cam a22002411i 4500</leader>
<controlfield tag="001">001678868</controlfield>
<controlfield tag="003">NNU</controlfield>
<controlfield tag="005">20001218211151.0</controlfield>
<controlfield tag="008">890402s1911    ua            000 0 arar</controlfield>
<datafield tag="010" ind1=" " ind2=" ">
<subfield code="a">ne 68000350</subfield>
</datafield>
<datafield tag="035" ind1="9" ind2=" ">
<subfield code="a">NYUb12222257</subfield>
</datafield>
<datafield tag="035" ind1=" " ind2=" ">
<subfield code="a">(MiU)notisAFH3531</subfield>
</datafield>
<datafield tag="035" ind1=" " ind2=" ">
<subfield code="a">(CStRLIN)MIUGAFH3531-B</subfield>
</datafield>
<datafield tag="040" ind1=" " ind2=" ">
<subfield code="a">LC</subfield>
<subfield code="d">CStRLIN</subfield>
</datafield>
<datafield tag="050" ind1="0" ind2="0">
<subfield code="a">DS215</subfield>
<subfield code="b">R87</subfield>
</datafield>
<datafield tag="050" ind1=" " ind2="4">
<subfield code="a">DS215</subfield>
<subfield code="b">R87</subfield>
</datafield>
<datafield tag="100" ind1="1" ind2=" ">
<subfield code="a">Rushdī, Muḥammad.</subfield>
</datafield>
<datafield tag="245" ind1="1" ind2="0">
<subfield code="a">Madanīyat al-ʻArab fī al-Jāhilīyah wa-al-Islām :</subfield>
<subfield code="b">huwa kitāb tārīkhī adabī akhlāqī siyāsī yadullu ʻalá mā lil-ʻArab min al-faḍl ʻalá al-umam fī al-ʻulūm wa-al-funūn wa-al-ṣināʼiʻ wa-al-siyāsah al-madanīyah /</subfield>
<subfield code="c">taʼlīf Muḥammad Rushdī.</subfield>
</datafield>
<datafield tag="260" ind1=" " ind2=" ">
<subfield code="a">Miṣr :</subfield>
<subfield code="b">[al-Maktabah al-Ahlīyah],</subfield>
<subfield code="c">1911.</subfield>
</datafield>
<datafield tag="300" ind1=" " ind2=" ">
<subfield code="a">200, 6 p.</subfield>
</datafield>
<datafield tag="650" ind1=" " ind2="0">
<subfield code="a">Civilization, Arab.</subfield>
</datafield>
<datafield tag="OWN" ind1=" " ind2=" ">
<subfield code="a">GENERAL</subfield>
</datafield>
<datafield tag="950" ind1=" " ind2=" ">
<subfield code="l">BMAIN</subfield>
<subfield code="a">DS215</subfield>
<subfield code="b">.R8</subfield>
</datafield>
<datafield tag="955" ind1=" " ind2=" ">
<subfield code="l">BMAIN</subfield>
<subfield code="c">1</subfield>
<subfield code="r">028246489</subfield>
</datafield>
<datafield tag="998" ind1=" " ind2=" ">
<subfield code="s">9665</subfield>
</datafield>
<datafield tag="AVA" ind1=" " ind2=" ">
<subfield code="a">NYU50</subfield>
<subfield code="b">BOBST</subfield>
<subfield code="c">Main Collection</subfield>
<subfield code="d">DS215 .R8</subfield>
<subfield code="e">unavailable</subfield>
<subfield code="t">Unavailable</subfield>
<subfield code="f">1</subfield>
<subfield code="g">1</subfield>
<subfield code="h">N</subfield>
<subfield code="i">0</subfield>
<subfield code="j">MAIN</subfield>
<subfield code="k">0</subfield>
</datafield>
</record>
